@article{ouyang2022training, title={Training language models to follow instructions with human feedback}, author={Ouyang, Long and Wu, Jeffrey and Jiang, Xu and Almeida, Diogo and Wainwright, Carroll and Mishkin, Pamela and Zhang, Chong and Agarwal, Sandhini and Slama, Katarina and Ray, Alex and others}, journal={Advances in neural information processing systems}, volume={35}, pages={27730--27744}, year={2022} }

@misc{skalse2023invariancepolicyoptimisationpartial,
      title={Invariance in Policy Optimisation and Partial Identifiability in Reward Learning}, 
      author={Joar Skalse and Matthew Farrugia-Roberts and Stuart Russell and Alessandro Abate and Adam Gleave},
      year={2023},
      eprint={2203.07475},
      archivePrefix={arXiv},
      primaryClass={cs.LG},
      url={https://arxiv.org/abs/2203.07475}, 
}

@misc{lambert2024rewardbenchevaluatingrewardmodels, title={RewardBench: Evaluating Reward Models for Language Modeling}, author={Nathan Lambert and Valentina Pyatkin and Jacob Morrison and LJ Miranda and Bill Yuchen Lin and Khyathi Chandu and Nouha Dziri and Sachin Kumar and Tom Zick and Yejin Choi and Noah A. Smith and Hannaneh Hajishirzi}, year={2024}, eprint={2403.13787}, archivePrefix={arXiv}, primaryClass={cs.LG}, url={https://arxiv.org/abs/2403.13787}, }

@misc{gleave2021quantifyingdifferencesrewardfunctions, title={Quantifying Differences in Reward Functions}, author={Adam Gleave and Michael Dennis and Shane Legg and Stuart Russell and Jan Leike}, year={2021}, eprint={2006.13900}, archivePrefix={arXiv}, primaryClass={cs.LG}, url={https://arxiv.org/abs/2006.13900}, }

@misc{casper2023openproblemsfundamentallimitations, title={Open Problems and Fundamental Limitations of Reinforcement Learning from Human Feedback}, author={Stephen Casper and Xander Davies and Claudia Shi and Thomas Krendl Gilbert and Jérémy Scheurer and Javier Rando and Rachel Freedman and Tomasz Korbak and David Lindner and Pedro Freire and Tony Wang and Samuel Marks and Charbel-Raphaël Segerie and Micah Carroll and Andi Peng and Phillip Christoffersen and Mehul Damani and Stewart Slocum and Usman Anwar and Anand Siththaranjan and Max Nadeau and Eric J. Michaud and Jacob Pfau and Dmitrii Krasheninnikov and Xin Chen and Lauro Langosco and Peter Hase and Erdem Bıyık and Anca Dragan and David Krueger and Dorsa Sadigh and Dylan Hadfield-Menell}, year={2023}, eprint={2307.15217}, archivePrefix={arXiv}, primaryClass={cs.AI}, url={https://arxiv.org/abs/2307.15217}, }

@misc{saxon2024benchmarksmicroscopesmodelmetrology,
      title={Benchmarks as Microscopes: A Call for Model Metrology}, 
      author={Michael Saxon and Ari Holtzman and Peter West and William Yang Wang and Naomi Saphra},
      year={2024},
      eprint={2407.16711},
      archivePrefix={arXiv},
      primaryClass={cs.SE},
      url={https://arxiv.org/abs/2407.16711}, 
}

@misc{wang2024selftaughtevaluators,
      title={Self-Taught Evaluators}, 
      author={Tianlu Wang and Ilia Kulikov and Olga Golovneva and Ping Yu and Weizhe Yuan and Jane Dwivedi-Yu and Richard Yuanzhe Pang and Maryam Fazel-Zarandi and Jason Weston and Xian Li},
      year={2024},
      eprint={2408.02666},
      archivePrefix={arXiv},
      primaryClass={cs.CL},
      url={https://arxiv.org/abs/2408.02666}, 
}