@misc{wu2021polyjuicegeneratingcounterfactualsexplaining, title={Polyjuice: Generating Counterfactuals for Explaining, Evaluating, and Improving Models}, author={Tongshuang Wu and Marco Tulio Ribeiro and Jeffrey Heer and Daniel S. Weld}, year={2021}, eprint={2101.00288}, archivePrefix={arXiv}, primaryClass={cs.CL}, url={https://arxiv.org/abs/2101.00288}, }

@article{Feder_2021, title={CausaLM: Causal Model Explanation Through Counterfactual Language Models}, ISSN={1530-9312}, url={http://dx.doi.org/10.1162/coli_a_00404}, DOI={10.1162/coli_a_00404}, journal={Computational Linguistics}, publisher={MIT Press - Journals}, author={Feder, Amir and Oved, Nadav and Shalit, Uri and Reichart, Roi}, year={2021}, month=may, pages={1â€“54} }

@misc{butcher2024aligninglargelanguagemodels, title={Aligning Large Language Models with Counterfactual DPO}, author={Bradley Butcher}, year={2024}, eprint={2401.09566}, archivePrefix={arXiv}, primaryClass={cs.CL}, url={https://arxiv.org/abs/2401.09566}, }

@misc{fryer2022flexibletextgenerationcounterfactual,
      title={Flexible text generation for counterfactual fairness probing}, 
      author={Zee Fryer and Vera Axelrod and Ben Packer and Alex Beutel and Jilin Chen and Kellie Webster},
      year={2022},
      eprint={2206.13757},
      archivePrefix={arXiv},
      primaryClass={cs.CL},
      url={https://arxiv.org/abs/2206.13757}, 
}

@misc{wang2024surveynaturallanguagecounterfactual,
      title={A Survey on Natural Language Counterfactual Generation}, 
      author={Yongjie Wang and Xiaoqi Qiu and Yu Yue and Xu Guo and Zhiwei Zeng and Yuhong Feng and Zhiqi Shen},
      year={2024},
      eprint={2407.03993},
      archivePrefix={arXiv},
      primaryClass={cs.CL},
      url={https://arxiv.org/abs/2407.03993}, 
}

@misc{gat2023faithfulexplanationsblackboxnlp,
      title={Faithful Explanations of Black-box NLP Models Using LLM-generated Counterfactuals}, 
      author={Yair Gat and Nitay Calderon and Amir Feder and Alexander Chapanin and Amit Sharma and Roi Reichart},
      year={2023},
      eprint={2310.00603},
      archivePrefix={arXiv},
      primaryClass={cs.CL},
      url={https://arxiv.org/abs/2310.00603}, 
}