@misc{park2024linearrepresentationhypothesisgeometry, title={The Linear Representation Hypothesis and the Geometry of Large Language Models}, author={Kiho Park and Yo Joong Choe and Victor Veitch}, year={2024}, eprint={2311.03658}, archivePrefix={arXiv}, primaryClass={cs.CL}, url={https://arxiv.org/abs/2311.03658}, }

@misc{park2024geometrycategoricalhierarchicalconcepts,
      title={The Geometry of Categorical and Hierarchical Concepts in Large Language Models}, 
      author={Kiho Park and Yo Joong Choe and Yibo Jiang and Victor Veitch},
      year={2024},
      eprint={2406.01506},
      archivePrefix={arXiv},
      primaryClass={cs.CL},
      url={https://arxiv.org/abs/2406.01506}, 
}

@InProceedings{pmlr-v236-geiger24a, title={Finding Alignments Between Interpretable Causal Variables and Distributed Neural Representations}, author={Geiger, Atticus and Wu, Zhengxuan and Potts, Christopher and Icard, Thomas and Goodman, Noah}, booktitle={Proceedings of the Third Conference on Causal Learning and Reasoning}, pages={160--187}, year={2024}, editor={Locatello, Francesco and Didelez, Vanessa}, volume={236}, series={Proceedings of Machine Learning Research}, month={01--03 Apr}, publisher={PMLR}, pdf={https://proceedings.mlr.press/v236/geiger24a/geiger24a.pdf}, url={https://proceedings.mlr.press/v236/geiger24a.html} }

@misc{conmy2023automated, title={Towards Automated Circuit Discovery for Mechanistic Interpretability}, author={Arthur Conmy and Augustine N. Mavor-Parker and Aengus Lynch and Stefan Heimersheim and Adri√† Garriga-Alonso}, year={2023}, eprint={2304.14997}, archivePrefix={arXiv}, primaryClass={cs.LG} }

@misc{mueller2024questrightmediatorhistory,
      title={The Quest for the Right Mediator: A History, Survey, and Theoretical Grounding of Causal Interpretability}, 
      author={Aaron Mueller and Jannik Brinkmann and Millicent Li and Samuel Marks and Koyena Pal and Nikhil Prakash and Can Rager and Aruna Sankaranarayanan and Arnab Sen Sharma and Jiuding Sun and Eric Todd and David Bau and Yonatan Belinkov},
      year={2024},
      eprint={2408.01416},
      archivePrefix={arXiv},
      primaryClass={cs.LG},
      url={https://arxiv.org/abs/2408.01416}, 
}