@misc{shen2023looselipssinkships,
      title={Loose lips sink ships: Mitigating Length Bias in Reinforcement Learning from Human Feedback}, 
      author={Wei Shen and Rui Zheng and Wenyu Zhan and Jun Zhao and Shihan Dou and Tao Gui and Qi Zhang and Xuanjing Huang},
      year={2023},
      eprint={2310.05199},
      archivePrefix={arXiv},
      primaryClass={cs.CL},
      url={https://arxiv.org/abs/2310.05199}, 
}

@misc{park2024disentanglinglengthqualitydirect,
      title={Disentangling Length from Quality in Direct Preference Optimization}, 
      author={Ryan Park and Rafael Rafailov and Stefano Ermon and Chelsea Finn},
      year={2024},
      eprint={2403.19159},
      archivePrefix={arXiv},
      primaryClass={cs.CL},
      url={https://arxiv.org/abs/2403.19159}, 
}

@misc{singhal2024longwaygoinvestigating,
      title={A Long Way to Go: Investigating Length Correlations in RLHF}, 
      author={Prasann Singhal and Tanya Goyal and Jiacheng Xu and Greg Durrett},
      year={2024},
      eprint={2310.03716},
      archivePrefix={arXiv},
      primaryClass={cs.CL},
      url={https://arxiv.org/abs/2310.03716}, 
}