@article{dong2023raft,
  title={Raft: Reward ranked finetuning for generative foundation model alignment},
  author={Dong, Hanze and Xiong, Wei and Goyal, Deepanshu and Pan, Rui and Diao, Shizhe and Zhang, Jipeng and Shum, Kashun and Zhang, Tong},
  journal={arXiv preprint arXiv:2304.06767},
  year={2023}
}

@misc{park2024offsetbias,
      title={OffsetBias: Leveraging Debiased Data for Tuning Evaluators},
      author={Junsoo Park and Seungyeon Jwa and Meiying Ren and Daeyoung Kim and Sanghyuk Choi},
      year={2024},
      eprint={2407.06551},
      archivePrefix={arXiv},
      primaryClass={cs.CL}
}

@misc{sanh2020distilbertdistilledversionbert,
      title={DistilBERT, a distilled version of BERT: smaller, faster, cheaper and lighter}, 
      author={Victor Sanh and Lysandre Debut and Julien Chaumond and Thomas Wolf},
      year={2020},
      eprint={1910.01108},
      archivePrefix={arXiv},
      primaryClass={cs.CL},
      url={https://arxiv.org/abs/1910.01108}, 
}

@inproceedings{socher-etal-2013-recursive,
    title = "Recursive Deep Models for Semantic Compositionality Over a Sentiment Treebank",
    author = "Socher, Richard  and
      Perelygin, Alex  and
      Wu, Jean  and
      Chuang, Jason  and
      Manning, Christopher D.  and
      Ng, Andrew  and
      Potts, Christopher",
    booktitle = "Proceedings of the 2013 Conference on Empirical Methods in Natural Language Processing",
    month = oct,
    year = "2013",
    address = "Seattle, Washington, USA",
    publisher = "Association for Computational Linguistics",
    url = "https://www.aclweb.org/anthology/D13-1170",
    pages = "1631--1642",
}

@inproceedings{ArmoRM,
      title={Interpretable Preferences via Multi-Objective Reward Modeling and Mixture-of-Experts}, 
      author={Haoxiang Wang and Wei Xiong and Tengyang Xie and Han Zhao and Tong Zhang},
      booktitle={EMNLP},
      year={2024}
}

@misc{wang2023helpsteer,
      title={HelpSteer: Multi-attribute Helpfulness Dataset for SteerLM}, 
      author={Zhilin Wang and Yi Dong and Jiaqi Zeng and Virginia Adams and Makesh Narsimhan Sreedhar and Daniel Egert and Olivier Delalleau and Jane Polak Scowcroft and Neel Kant and Aidan Swope and Oleksii Kuchaiev},
      year={2023},
      eprint={2311.09528},
      archivePrefix={arXiv},
      primaryClass={cs.CL}
}

@incollection{kahneman2013prospect,
  title={Prospect theory: An analysis of decision under risk},
  author={Kahneman, Daniel and Tversky, Amos},
  booktitle={Handbook of the fundamentals of financial decision making: Part I},
  pages={99--127},
  year={2013},
  publisher={World Scientific}
}

@InProceedings{maas-EtAl:2011:ACL-HLT2011,
  author    = {Maas, Andrew L.  and  Daly, Raymond E.  and  Pham, Peter T.  and  Huang, Dan  and  Ng, Andrew Y.  and  Potts, Christopher},
  title     = {Learning Word Vectors for Sentiment Analysis},
  booktitle = {Proceedings of the 49th Annual Meeting of the Association for Computational Linguistics: Human Language Technologies},
  month     = {June},
  year      = {2011},
  address   = {Portland, Oregon, USA},
  publisher = {Association for Computational Linguistics},
  pages     = {142--150},
  url       = {http://www.aclweb.org/anthology/P11-1015}
}

@inproceedings{eli5_lfqa,
  author    = {Angela Fan and
               Yacine Jernite and
               Ethan Perez and
               David Grangier and
               Jason Weston and
               Michael Auli},
  editor    = {Anna Korhonen and
               David R. Traum and
               Llu{\'{\i}}s M{\`{a}}rquez},
  title     = {{ELI5:} Long Form Question Answering},
  booktitle = {Proceedings of the 57th Conference of the Association for Computational
               Linguistics, {ACL} 2019, Florence, Italy, July 28- August 2, 2019,
               Volume 1: Long Papers},
  pages     = {3558--3567},
  publisher = {Association for Computational Linguistics},
  year      = {2019},
  url       = {https://doi.org/10.18653/v1/p19-1346},
  doi       = {10.18653/v1/p19-1346}
}

@article{faraone2008interpreting,
  title={Interpreting estimates of treatment effects: implications for managed care},
  author={Faraone, Stephen V},
  journal={Pharmacy and Therapeutics},
  volume={33},
  number={12},
  pages={700},
  year={2008},
  publisher={MediMedia, USA}
}