@book{cunningham2021causal,
  title={Causal inference: The mixtape},
  author={Cunningham, Scott},
  year={2021},
  publisher={Yale university press}
}

@article{cinelli2024crash,
  title={A crash course in good and bad controls},
  author={Cinelli, Carlos and Forney, Andrew and Pearl, Judea},
  journal={Sociological Methods \& Research},
  volume={53},
  number={3},
  pages={1071--1104},
  year={2024},
  publisher={SAGE Publications Sage CA: Los Angeles, CA}
}

@article{hernan2016does,
  title={Does water kill? A call for less casual causal inferences},
  author={Hern{\'a}n, Miguel A},
  journal={Annals of epidemiology},
  volume={26},
  number={10},
  pages={674--680},
  year={2016},
  publisher={Elsevier}
}

@misc{plecko2023causalframeworkdecomposingspurious, title={A Causal Framework for Decomposing Spurious Variations}, author={Drago Plecko and Elias Bareinboim}, year={2023}, eprint={2306.05071}, archivePrefix={arXiv}, primaryClass={stat.ME}, url={https://arxiv.org/abs/2306.05071}, }

@misc{pryzant2021causaleffectslinguisticproperties, title={Causal Effects of Linguistic Properties}, author={Reid Pryzant and Dallas Card and Dan Jurafsky and Victor Veitch and Dhanya Sridhar}, year={2021}, eprint={2010.12919}, archivePrefix={arXiv}, primaryClass={cs.CL}, url={https://arxiv.org/abs/2010.12919}, }

@misc{veitch2020adaptingtextembeddingscausal, title={Adapting Text Embeddings for Causal Inference}, author={Victor Veitch and Dhanya Sridhar and David M. Blei}, year={2020}, eprint={1905.12741}, archivePrefix={arXiv}, primaryClass={cs.LG}, url={https://arxiv.org/abs/1905.12741}, }

@misc{gui2023causalestimationtextdata,
      title={Causal Estimation for Text Data with (Apparent) Overlap Violations}, 
      author={Lin Gui and Victor Veitch},
      year={2023},
      eprint={2210.00079},
      archivePrefix={arXiv},
      primaryClass={stat.ML},
      url={https://arxiv.org/abs/2210.00079}, 
}

@misc{veitch2021counterfactualinvariancespuriouscorrelations,
      title={Counterfactual Invariance to Spurious Correlations: Why and How to Pass Stress Tests}, 
      author={Victor Veitch and Alexander D'Amour and Steve Yadlowsky and Jacob Eisenstein},
      year={2021},
      eprint={2106.00545},
      archivePrefix={arXiv},
      primaryClass={cs.LG},
      url={https://arxiv.org/abs/2106.00545}, 
}

@misc{feder2022causalinferencenaturallanguage,
      title={Causal Inference in Natural Language Processing: Estimation, Prediction, Interpretation and Beyond}, 
      author={Amir Feder and Katherine A. Keith and Emaad Manzoor and Reid Pryzant and Dhanya Sridhar and Zach Wood-Doughty and Jacob Eisenstein and Justin Grimmer and Roi Reichart and Margaret E. Roberts and Brandon M. Stewart and Victor Veitch and Diyi Yang},
      year={2022},
      eprint={2109.00725},
      archivePrefix={arXiv},
      primaryClass={cs.CL},
      url={https://arxiv.org/abs/2109.00725}, 
}